@Article{Halzen:1984mc,
     author    = "Halzen, F. and Martin, A. D.",
     title     = "Quarks and Leptons: An introductory course in modern particle physics",
     note     = "New York, USA: Wiley, 1984"
}

@Article{Ellis:1991qj,
     author    = "Ellis, R. K. and Stirling, W. J. and Webber, B. R.",
     title     = "QCD and collider physics",
     journal   = "Camb. Monogr. Part. Phys. Nucl. Phys. Cosmol.",
     volume    = "8",
     year      = "1996",
     pages     = "1-435",
     SLACcitation  = "%%CITATION = CMPCE,8,1;%%"
}

@Article{Mandl:1985bg,
     author    = "Mandl, F. and Shaw, G.",
     title     = "Quantum Field Theory",
     note     = "Chichester, UK: Wiley, 1984"
}
     
@Article{Ross:1999gw,
     author    = "Ross, D.",
     title     = "The Standard Model",
     note      = "Prepared for School for Young High-Energy Physicists,
                  Chilton, England, 1999."
                  
}

@Article{Tagg:2006sx,
     author    = "Tagg, N.",
     @collaboration = "MINOS",
     title     = "First MINOS results from the NuMI beam",
     journal   = "ECONF",
     volume    = "C060409",
     year      = "2006",
     pages     = "019",
     eprint    = "hep-ex/0605058",
     SLACcitation  = "%%CITATION = HEP-EX 0605058;%%"
}

@Article{Seymour:2005hs,
     author    = "Seymour, M. H.",
     title     = "Quantum ChromoDynamics",
     year      = "2005",
     eprint    = "hep-ph/0505192",
     SLACcitation  = "%%CITATION = HEP-PH 0505192;%%"
}

@Article{Abe:2001xe,
     author    = "Abe, K. and others",
 @collaboration = "Belle",
     title     = "Observation of large CP violation in the neutral B meson
                  system",
     journal   = "Phys. Rev. Lett.",
     volume    = "87",
     year      = "2001",
     pages     = "091802",
     eprint    = "hep-ex/0107061",
     SLACcitation  = "%%CITATION = HEP-EX 0107061;%%"
}

@Article{Christenson,
author = "J.~H.~Christenson and J.~W.~Cronin and V.~L.~Fitch and R.~Turlay",
title = "Evidence for the 2$\pi$ Decay of the $K_{(2)}^0$ Meson",
journal ="Phys. Rev. Lett.",
volume= "13", 
year ="1964", 
pages = "138"
}

@Article{Aubert:2004zt,
     author    = "Aubert, B. and others",
 @collaboration = "BABAR",
     title     = "Improved measurement of CP asymmetries in $B^0 \to (c
                  \bar{c}) K^{(*)0}$ decays",
     journal   = "Phys. Rev. Lett.",
     volume    = "94",
     year      = "2005",
     pages     = "161803",
     eprint    = "hep-ex/0408127",
     SLACcitation  = "%%CITATION = HEP-EX 0408127;%%"
}

@Article{Martin:1997ns,
     author    = "Martin, S. P.",
     title     = "A supersymmetry primer",
     year      = "1997",
     eprint    = "hep-ph/9709356",
     SLACcitation  = "%%CITATION = HEP-PH 9709356;%%"
}

@Article{Olive:1999ks,
     author    = "Olive, K. A.",
     title     = "Introduction to supersymmetry: Astrophysical and
                  phenomenological  constraints",
     year      = "1999",
     eprint    = "hep-ph/9911307",
     SLACcitation  = "%%CITATION = HEP-PH 9911307;%%"
}

@Article{Forshaw:2005qp,
     author    = "Forshaw, J. R.",
     title     = "Diffractive Higgs production: Theory",
     year      = "2005",
     eprint    = "hep-ph/0508274",
     SLACcitation  = "%%CITATION = HEP-PH 0508274;%%"
}

@Article{Adloff:1997sc,
     author    = "Adloff, C. and others",
 @collaboration = "H1",
     title     = "Inclusive measurement of diffractive deep-inelastic e p
                  scattering",
     journal   = "Z. Phys.",
     volume    = "C76",
     year      = "1997",
     pages     = "613-629",
     eprint    = "hep-ex/9708016",
     SLACcitation  = "%%CITATION = HEP-EX 9708016;%%"
}


@Article{Adloff:1997mi,
     author    = "Adloff, C. and others",
 @collaboration = "H1",
     title     = "Diffraction dissociation in photoproduction at HERA",
     journal   = "Z. Phys.",
     volume    = "C74",
     year      = "1997",
     pages     = "221-236",
     eprint    = "hep-ex/9702003",
     SLACcitation  = "%%CITATION = HEP-EX 9702003;%%"
}

@Article{Adloff:2000qk,
     author    = "Adloff, C. and others",
     @collaboration = "H1",
     title     = "Deep-inelastic inclusive e p scattering at low x and a
                  determination of  alpha(s)",
     journal   = "Eur. Phys. J.",
     volume    = "C21",
     year      = "2001",
     pages     = "33-61",
     eprint    = "hep-ex/0012053",
     SLACcitation  = "%%CITATION = HEP-EX 0012053;%%"
}

@Article{Raicevic:2006sp,
     author    = "Raicevic, N.",
 @collaboration = "H1",
     title     = "Structure functions and extraction of PDFs at HERA",
     year      = "2006",
     eprint    = "hep-ex/0605050",
     SLACcitation  = "%%CITATION = HEP-EX 0605050;%%"
}

@Article{DeRoeck:2002hk,
     author    = "De Roeck, A. and Khoze, V. A. and Martin, A. D. and Orava,
                  R. and Ryskin, M. G.",
     title     = "Ways to detect a light Higgs boson at the LHC",
     journal   = "Eur. Phys. J.",
     volume    = "C25",
     year      = "2002",
     pages     = "391-403",
     eprint    = "hep-ph/0207042",
     SLACcitation  = "%%CITATION = HEP-PH 0207042;%%"
}

@Article{Kaidalov:2003ys,
     author    = "Kaidalov, A. B. and Khoze, V. A. and Martin, A. D. and
                  Ryskin, M. G.",
     title     = "Extending the study of the Higgs sector at the LHC by
                  proton tagging",
     journal   = "Eur. Phys. J.",
     volume    = "C33",
     year      = "2004",
     pages     = "261-271",
     eprint    = "hep-ph/0311023",
     SLACcitation  = "%%CITATION = HEP-PH 0311023;%%"
}

@Article{Albrow:2000na,
     author    = "Albrow, M. G. and Rostovtsev, A.",
     title     = "Searching for the Higgs at hadron colliders using the
                  missing mass  method",
     year      = "2000",
     eprint    = "hep-ph/0009336",
     SLACcitation  = "%%CITATION = HEP-PH 0009336;%%"
}

@Article{Arneodo:2005kd,
     author    = "Arneodo, M. and Diehl, M.",
     title     = "Diffraction for non-believers",
     year      = "2005",
     eprint    = "hep-ph/0511047",
     SLACcitation  = "%%CITATION = HEP-PH 0511047;%%"
}

@Article{Ingelman:1984ns,
     author    = "Ingelman, G. and Schlein, P. E.",
     title     = "Jet structure in high mass diffractive scattering",
     journal   = "Phys. Lett.",
     volume    = "B152",
     year      = "1985",
     pages     = "256",
     SLACcitation  = "%%CITATION = PHLTA,B152,256;%%"
}

@Article{Aktas:2006hy,
     author    = "Aktas, A. and others",
 @collaboration = "H1",
     title     = "Measurement and QCD analysis of the diffractive deep-
                  inelastic scattering cross section at HERA",
     year      = "2006",
     eprint    = "hep-ex/0606004",
     SLACcitation  = "%%CITATION = HEP-EX 0606004;%%"
}

@Article{unknown:2006hx,
     author    = "Aktas, A. and others",
 @collaboration = "H1",
     title     = "Diffractive deep-inelastic scattering with a leading proton
                  at HERA",
     year      = "2006",
     eprint    = "hep-ex/0606003",
     SLACcitation  = "%%CITATION = HEP-EX 0606003;%%"
}


@Article{Abe:1995hr,
     author    = "Abe, F. and others",
 @collaboration = "CDF",
     title     = "Observation of top quark production in $\bar{p}p$
                  collisions",
     journal   = "Phys. Rev. Lett.",
     volume    = "74",
     year      = "1995",
     pages     = "2626-2631",
     eprint    = "hep-ex/9503002",
     SLACcitation  = "%%CITATION = HEP-EX 9503002;%%"
}

@Article{Barate:2003sz,
     author    = "Barate, R. and others",
 @collaboration = "LEP Working Group for Higgs boson searches",
     title     = "Search for the standard model Higgs boson at LEP",
     journal   = "Phys. Lett.",
     volume    = "B565",
     year      = "2003",
     pages     = "61-75",
     eprint    = "hep-ex/0306033",
     SLACcitation  = "%%CITATION = HEP-EX 0306033;%%"
}

@Article{unknown:2005di,
     author    = "The LEP Collaborations and the LEP Electroweak Working Group",
 @collaboration = "ALEPH",
     title     = "A combination of preliminary electroweak measurements and
                  constraints  on the standard model",
     year      = "2005",
     eprint    = "hep-ex/0511027",
     SLACcitation  = "%%CITATION = HEP-EX 0511027;%%"
}

@Article{Soldner-Rembold:2006wf,
     author    = "Soldner-Rembold, S.",
     title     = "Standard Model Higgs searches and perspectives at the
                  Tevatron",
     year      = "2006",
     eprint    = "hep-ex/0610014",
     SLACcitation  = "%%CITATION = HEP-EX 0610014;%%"
}

@Article{Khoze:2001xm,
     author    = "Khoze, V. A. and Martin, A. D. and Ryskin, M. G.",
     title     = "Prospects for new physics observations in diffractive
                  processes at the  LHC and Tevatron",
     journal   = "Eur. Phys. J.",
     volume    = "C23",
     year      = "2002",
     pages     = "311-327",
     eprint    = "hep-ph/0111078",
     SLACcitation  = "%%CITATION = HEP-PH 0111078;%%"
}

@Article{Khoze:1997dr,
     author    = "Khoze, Valery A. and Martin, A. D. and Ryskin, M. G.",
     title     = "The rapidity gap Higgs signal at LHC",
     journal   = "Phys. Lett.",
     volume    = "B401",
     year      = "1997",
     pages     = "330-336",
     eprint    = "hep-ph/9701419",
     SLACcitation  = "%%CITATION = HEP-PH 9701419;%%"
}

@Article{Khoze:2000cy,
     author    = "Khoze, Valery A. and Martin, A. D. and Ryskin, M. G.",
     title     = "Can the Higgs be seen in rapidity gap events at the
                  Tevatron or the  LHC?",
     journal   = "Eur. Phys. J.",
     volume    = "C14",
     year      = "2000",
     pages     = "525-534",
     eprint    = "hep-ph/0002072",
     SLACcitation  = "%%CITATION = HEP-PH 0002072;%%"
}

@Article{unknown:1995mi,
     author    = "The LHC Study Group",
     title     = "The Large Hadron Collider: Conceptual design",
     year ="1995",
     note     = "CERN-AC-95-05-LHC"
}

@Article{Vos:2000by,
     author    = "Vos, L. and Weisz, S.",
     title     = "LHC machine instrumentation for luminosity measurements",
     note      = "Prepared for 1st Workshop on Forward Physics and Luminosity
                  Determination at LHC, Helsinki, Finland,
                  2000"
}

@Article{Cudell:2002sy,
     author    = "Cudell, J. R. and others",
     title     = "Forward observables at RHIC, the Tevatron Run II and the
                  LHC",
     year      = "2002",
     eprint    = "hep-ph/0212101",
     SLACcitation  = "%%CITATION = HEP-PH 0212101;%%"
}

@Article{Cox:2005tb,
	author    = "Cox, B. E.",
     	title     = "The FP420 R\&D project: Forward proton tagging at the LHC as
                  		a means to discover new physics",
     	journal   = "AIP Conf. Proc.",
     	volume    = "792",
     	year      = "2005",
     	pages     = "540-543",
     	SLACcitation  = "%%CITATION = APCPC,792,540;%%"
}

@Article{PeterBusseyAcceptance,
	author = "Bussey, P",
	title     = "Private communication, 2006",
}

Article{Alekhin:2005dy:TOTEM,
     author    = "Avati, V. and Osterberg, K.",
     title 	= "TOTEM forward measurements: leading proton acceptance",
     journal     = "HERA and the LHC - A workshop on the implications of HERA
                  for LHC  physics: Proceedings Part B",
     year      = "2006",
     eprint    = "hep-ph/0601013",
     SLACcitation  = "%%CITATION = HEP-PH 0601013;%%"
}

@incollection{Alekhin:2005dy:TOTEM,
     author    = "Avati, V. and Osterberg, K.",
     title 	= "TOTEM forward measurements: leading proton acceptance",
     booktitle     = "HERA and the LHC - A workshop on the implications of HERA
                  for LHC  physics: Proceedings Part B",
     year      = "2006",
     note    = "hep-ph/0601013",
}

@incollection{Alekhin:2005dx:Soft,
     author    = "Gotsman, E. and others",
     title = "Survival Probabilities of Large Rapidity Gaps",
     booktitle     = "HERA and the LHC - A workshop on the implications of HERA
                  for LHC  physics: Proceedings Part A",    
                  year      = "2006", 
     note     = "hep-ph/0601013",
}

@incollection{Alekhin:2005dx:MPITune,
     author    = "Buttar, C.M. and others",
     title = "The underlying event",
     booktitle     = "HERA and the LHC - A workshop on the implications of HERA
                  for LHC  physics: Proceedings Part A",     
                  year      = "2006",
     note     = "hep-ph/0601013",
}

@Article{:1999fq,
     author    = "",
     title     = "ATLAS: Detector and physics performance technical design
                  report. Volume 1",
                  year = "1999",
     note     = "CERN-LHCC-99-14"
}

@incollection{:1999fq:Chapter3,
     author    = "",
     title = "The Inner Detector",
     booktitle     = "ATLAS: Detector and physics performance technical design
                  report. Volume 1",
	year = "1999",     
     note     = "CERN-LHCC-99-14",
     pages = "53-97"
     
}

@incollection{:1999fq:Chapter9,
     author    = "",
     title = "Jet, $E_T^{miss}$, and mass reconstruction",
     booktitle     = "ATLAS: Detector and physics performance technical design
                  report. Volume 1",
year = "1999",	     
     note     = "CERN-LHCC-99-14",
     pages = "261-287"
     
}

@incollection{:1999fq:Chapter1,
     author    = "",
     title = "Experiment Overview",
     booktitle     = "ATLAS: Detector and physics performance technical design
                  report. Volume 1",
	year = "1999",     
     note     = "CERN-LHCC-99-14",
     pages = "3-28"
    
}

@incollection{:1999fq:Chapter4,
     author    = "",
     title = "Electromagnetic calorimetry",
     booktitle     = "ATLAS: Detector and physics performance technical design
                  report. Volume 1",
	     year = "1999",
     note     = "CERN-LHCC-99-14",
     pages = "99-142"
    
}

@incollection{:1999fq:Chapter5,
     author    = "",
     title = "Hadronic calorimetry",
     booktitle     = "ATLAS: Detector and physics performance technical design
                  report. Volume 1",
	     year = "1999",
     note     = "CERN-LHCC-99-14",
     pages = "143-175"
    
}

@incollection{:1999fq:Chapter6,
     author    = "",
     title = "Muon System",
     booktitle     = "ATLAS: Detector and physics performance technical design
                  report. Volume 1",
	 year = "1999",    
     note     = "CERN-LHCC-99-14",
     pages = "177-196"
    
}

@incollection{:1999fq:Chapter11,
     author    = "",
     title = "Trigger Performance",
     booktitle     = "ATLAS: Detector and physics performance technical design
                  report. Volume 1",
	 year = "1999",    
     note     = "CERN-LHCC-99-14",
     pages = "347-399"
    
}

@Article{unknown:1997fs,
     author    = "",
 collaboration = "ATLAS",
     title     = "ATLAS inner detector: Technical design report. Vol. 1",
     note     = "CERN-LHCC-97-16"
}

@Article{unknown:1997ft,
     author    = "",
 collaboration = "ATLAS",
     title     = "ATLAS inner detector: Technical design report. Vol. 2",
     note     = "CERN-LHCC-97-17"
}

@Article{unknown:1997fy,
     author    = "",
 collaboration = "ATLAS",
     title     = "ATLAS central solenoid: Technical design report",
     note     = "CERN-LHCC-97-21"
}

@Article{Airapetian:1996iv,
     author    = "Airapetian, A. and others",
 @collaboration = "ATLAS",
     title     = "ATLAS calorimeter performance",
     note     = "CERN-LHCC-96-40"
}

@Article{unknown:1997fv,
     author    = "",
 collaboration = "ATLAS",
     title     = "ATLAS muon spectrometer: Technical design report",
     note     = "CERN-LHCC-97-22"
}


@Article{Langanke:1993qn,
     author    = "Koonin, S. E.",
     title     = "Computational physics",
     note     = "California, USA: Benjamin-Cummings, 1985"
}

@Article{Lepage:1980dq,
     author    = "Lepage, G. P.",
     title     = "A New Algorithm for Adaptive Multidimensional Integration",
     journal ="Computational Physics",
     volume ="27",
     pages="192-203",
     year = "1978",
  }

@Article{James:1988vf,
     author    = "James, F.",
     title     = "A review of pseudo-random number generators",
     journal   = "Comput. Phys. Commun.",
     volume    = "60",
     year      = "1990",
     pages     = "329-344",
     SLACcitation  = "%%CITATION = CPHCB,60,329;%%"
}

@Article{Corcella:2000bw,
     author    = "Corcella, G. and others",
     title     = "HERWIG 6: An event generator for hadron emission reactions
                  with  interfering gluons (including supersymmetric
                  processes)",
     journal   = "JHEP",
     volume    = "01",
     year      = "2001",
     pages     = "010",
     eprint    = "hep-ph/0011363",
     SLACcitation  = "%%CITATION = HEP-PH 0011363;%%"
}

@Article{Vattulainen:1993rm,
     author    = "Vattulainen, I. and Kankaala, K. and Saarinen, J. and
                  Ala-Nissila, T.",
     title     = "A Comprehensive study of some pseudorandom number
                  generators",
     journal   = "Comp. Phys. Commun.",
     volume    = "86",
     year      = "1995",
     pages     = "209-226",
     eprint    = "hep-lat/9304008",
     SLACcitation  = "%%CITATION = HEP-LAT 9304008;%%"
}

@Article{Rutti:2004th,
     author    = "Rutti, M. and Troyer, M. and Petersen, W. P.",
     title     = "A Generic Random Number Generator Test Suite",
     year      = "2004",
     eprint    = "math/0410385",
     SLACcitation  = "%%CITATION = MATH.ST 0410385;%%"
}

@Article{Sjostrand:2006za,
     author    = "Sjostrand, T. and Mrenna, S. and Skands, P.",
     title     = "PYTHIA 6.4 physics and manual",
     journal   = "JHEP",
     volume    = "05",
     year      = "2006",
     pages     = "026",
     eprint    = "hep-ph/0603175",
     SLACcitation  = "%%CITATION = HEP-PH 0603175;%%"
}

@Article{Boos:2001cv,
     author    = "Boos, E. and others",
     title     = "Generic user process interface for event generators",
     year      = "2001",
     eprint    = "hep-ph/0109068",
     SLACcitation  = "%%CITATION = HEP-PH 0109068;%%"
}

@Article{Monk:2005ji,
     author    = "Monk, J. and Pilkington, A.",
     title     = "ExHuME: A Monte Carlo event generator for exclusive
                  diffraction",
     journal   = "Comput. Phys. Commun.",
     volume    = "175",
     year      = "2006",
     pages     = "232-239",
     eprint    = "hep-ph/0502077",
     SLACcitation  = "%%CITATION = HEP-PH 0502077;%%"
}

@Article{Cox:2000jt,
     author    = "Cox, B. E. and Forshaw, J. R.",
     title     = "POMWIG: HERWIG for diffractive interactions",
     journal   = "Comput. Phys. Commun.",
     volume    = "144",
     year      = "2002",
     pages     = "104-110",
     eprint    = "hep-ph/0010303",
     SLACcitation  = "%%CITATION = HEP-PH 0010303;%%"
}

@Article{Butterworth:2002xg,
     author    = "Butterworth, J. M. and Couchman, J. P. and Cox, B. E. and
                  Waugh, B. M.",
     title     = "KtJet: A C++ implementation of the K$_T$ clustering
                  algorithm",
     journal   = "Comput. Phys. Commun.",
     volume    = "153",
     year      = "2003",
     pages     = "85-96",
     eprint    = "hep-ph/0210022",
     SLACcitation  = "%%CITATION = HEP-PH 0210022;%%"
}

@Article{Lonnblad:1994kt,
     author    = "Lonnblad, L.",
     title     = "CLHEP: A project for designing a C++ class library for
                  high-energy physics",
     journal   = "Comput. Phys. Commun.",
     volume    = "84",
     year      = "1994",
     pages     = "307-316",
     SLACcitation  = "%%CITATION = CPHCB,84,307;%%"
}

@Article{Eidelman:2004wy,
     author    = "Eidelman, S. and others",
 @collaboration = "Particle Data Group",
     title     = "Review of particle physics",
     journal   = "Phys. Lett.",
     volume    = "B592",
     year      = "2004",
     pages     = "1",
     SLACcitation  = "%%CITATION = PHLTA,B592,1;%%"
}

@Article{Whalley:2005nh,
     author    = "Whalley, M. R. and Bourilkov, D. and Group, R. C.",
     title     = "The Les Houches accord PDFs (LHAPDF) and LHAGLUE",
     year      = "2005",
     eprint    = "hep-ph/0508110",
     SLACcitation  = "%%CITATION = HEP-PH 0508110;%%"
}

@Article{Gunion:1989we,
     author    = "Gunion, J. F. and Haber, H. E. and Kane, G. L.
                  and Dawson, S.",
     title     = "The Higgs Hunter's Guide",
     note     = "Cambridge, UK: Perseus, 2000"
}


@Article{Seymour:1995qg,
     author    = "Seymour, M. H.",
     title     = "The Higgs boson line shape and perturbative unitarity",
     journal   = "Phys. Lett.",
     volume    = "B354",
     year      = "1995",
     pages     = "409-414",
     eprint    = "hep-ph/9505211",
     SLACcitation  = "%%CITATION = HEP-PH 9505211;%%"
}

@Article{Bern:2001dg,
     author    = "Bern, Z. and De Freitas, A. and Dixon, L. J. and
                  Ghinculov, A. and Wong, H. L.",
     title     = "QCD and QED corrections to light-by-light scattering",
     journal   = "JHEP",
     volume    = "11",
     year      = "2001",
     pages     = "031",
     eprint    = "hep-ph/0109079",
     SLACcitation  = "%%CITATION = HEP-PH 0109079;%%"
}

@Article{Butterworth:1996zw,
     author    = "Butterworth, J. M. and Forshaw, J. R. and Seymour, M.
                  H.",
     title     = "Multiparton interactions in photoproduction at HERA",
     journal   = "Z. Phys.",
     volume    = "C72",
     year      = "1996",
     pages     = "637-646",
     eprint    = "hep-ph/9601371",
     SLACcitation  = "%%CITATION = HEP-PH 9601371;%%"
}

@Article{Khoze:2006iw,
     author    = "Khoze, V. A. and Martin, A. D. and Ryskin, M. G.",
     title     = "Central jet production as a probe of the perturbative
                  formalism for exclusive diffraction",
     year      = "2006",
     eprint    = "hep-ph/0605113",
     SLACcitation  = "%%CITATION = HEP-PH 0605113;%%"
}

@Article{Blazey:2000qt,
     author    = "Blazey, G. C. and others",
     title     = "Run II jet physics",
     year      = "2000",
     eprint    = "hep-ex/0005012",
     SLACcitation  = "%%CITATION = HEP-EX 0005012;%%"
}

@Article{Collins:1997nm,
     author    = "Collins, J. C.",
     title     = "Light-cone variables, rapidity and all that",
     year      = "1997",
     eprint    = "hep-ph/9705393",
     SLACcitation  = "%%CITATION = HEP-PH 9705393;%%"
}

@Article{Cox:2005if,
     author    = "Cox, B. E. and others",
     title     = "Detecting the Standard Model Higgs boson in the WW decay
                  channel using  forward proton tagging at the LHC",
     journal   = "Eur. Phys. J.",
     volume    = "C45",
     year      = "2006",
     pages     = "401-407",
     eprint    = "hep-ph/0505240",
     SLACcitation  = "%%CITATION = HEP-PH 0505240;%%"
}

@Article{Alekhin:2005dx,
     author    = "Alekhin, S. and others",
     title     = "HERA and the LHC - A workshop on the implications of HERA
                  for LHC  physics: Proceedings Part A",
     year      = "2006",
     eprint    = "hep-ph/0601012",
     SLACcitation  = "%%CITATION = HEP-PH 0601012;%%"
}

@Article{Khoze:2006gg,
     author    = "Khoze, V. A. and Martin, A. D. and Ryskin, M. G.",
     title     = "The extraction of the bare triple-Pomeron vertex: a crucial
                  ingredient for diffraction",
     year      = "2006",
     eprint    = "hep-ph/0609312",
     SLACcitation  = "%%CITATION = HEP-PH 0609312;%%"
}

@Article{Donnachie:1992ny,
     author    = "Donnachie, A. and Landshoff, P. V.",
     title     = "Total cross-sections",
     journal   = "Phys. Lett.",
     volume    = "B296",
     year      = "1992",
     pages     = "227-232",
     eprint    = "hep-ph/9209205",
     SLACcitation  = "%%CITATION = HEP-PH 9209205;%%"
}

@Article{Grothe:2006dj,
     author    = "Grothe, M. and others",
     title     = "Triggering on forward physics",
     year   = "2006",
     note     = "CERN-CMS-NOTE-2006-054"
}

@Article{Affolder:2000hd,
     author    = "Affolder, A. A. and others",
 @collaboration = "CDF",
     title     = "Dijet production by double pomeron exchange at the Fermilab
                  Tevatron",
     journal   = "Phys. Rev. Lett.",
     volume    = "85",
     year      = "2000",
     pages     = "4215-4220",
     SLACcitation  = "%%CITATION = PRLTA,85,4215;%%"
}

@Article{Khoze:2005ie,
     author    = "Khoze, V. A. and Kaidalov, A. B. and Martin, A. D. and
                  Ryskin, M. G. and Stirling, W. J.",
     title     = "Diffractive processes as a tool for searching for new
                  physics",
     year      = "2005",
     eprint    = "hep-ph/0507040",
     SLACcitation  = "%%CITATION = HEP-PH 0507040;%%"
}

@Article{Forshaw:1997dc,
     author    = "Forshaw, J. R. and Ross, D. A.",
     title     = "Quantum chromodynamics and the pomeron",
     journal   = "Cambridge Lect. Notes Phys.",
     volume    = "9",
     year      = "1997",
     pages     = "1-248",
     SLACcitation  = "%%CITATION = 00385,9,1;%%"
}

@Article{Bialas:1991wj,
     author    = "Bialas, A. and Landshoff, P. V.",
     title     = "Higgs production in p p collisions by double pomeron
                  exchange",
     journal   = "Phys. Lett.",
     volume    = "B256",
     year      = "1991",
     pages     = "540-546",
     SLACcitation  = "%%CITATION = PHLTA,B256,540;%%"
}

@Article{Zhou:2002uy,
     author    = "Zhou, J.",
 @collaboration = "CDF",
     title     = "Recent results in search for new physics at the Tevatron
                  (Run I)",
     year      = "2002",
     eprint    = "hep-ex/0205098",
     SLACcitation  = "%%CITATION = HEP-EX 0205098;%%"
}

@Article{Sonnenschein:2006bz,
     author    = "Sonnenschein, L.",
 @collaboration = "CDF and D0",
     title     = "Higgs searches at Tevatron",
     note      = "Presented at Symposium on Hadron Collider Physics 2006 (HCP
                  2006), Durham, North Carolina, 2006. FERMILAB-CONF-314-E"
}

@Article{Cox:2005gr,
     author    = "Cox, B. E. and Pilkington, A.",
     title     = "Central exclusive di-jet production at the Tevatron",
     journal   = "Phys. Rev.",
     volume    = "D72",
     year      = "2005",
     pages     = "094024",
     eprint    = "hep-ph/0508249",
     SLACcitation  = "%%CITATION = HEP-PH 0508249;%%"
}

@Article{Blair:1996kx,
     author    = "Blair, R. and others",
 @collaboration = "CDF-II",
     title     = "The CDF-II detector: Technical design report",
     year = "1996",
     note     = "FERMILAB-PUB-96-390-E"
}

@Article{Bertolucci:1987zn,
     author    = "Bertolucci, S. and others",
@collaboration = "CDF",
     title     = "The CDF central and end-wall hadron calorimeter",
     journal   = "Nucl. Instrum. Meth.",
     volume    = "A267",
     year      = "1988",
     pages     = "301",
     SLACcitation  = "%%CITATION = NUIMA,A267,301;%%"
}

@Article{Appleby:2001xk,
     author    = "Appleby, R. B. and Forshaw, J. R.",
     title     = "Diffractive dijet production",
     journal   = "Phys. Lett.",
     volume    = "B541",
     year      = "2002",
     pages     = "108-114",
     eprint    = "hep-ph/0111077",
     SLACcitation  = "%%CITATION = HEP-PH 0111077;%%"
}

@Article{Gallinaro:2005qh,
     author    = "Gallinaro, M.",
 @collaboration = "CDF Run II",
     title     = "Exclusive dijet production from CDF2LHC",
     year      = "2005",
     eprint    = "hep-ph/0504025",
     SLACcitation  = "%%CITATION = HEP-PH 0504025;%%"
}

@Article{Gallinaro:2005uh,
     author    = "Gallinaro, M.",
 @collaboration = "CDF - Run II",
     title     = "New diffractive results from the Tevatron",
     year      = "2005",
     eprint    = "hep-ph/0505159",
     SLACcitation  = "%%CITATION = HEP-PH 0505159;%%"
}

@Article{Gallinaro:2004nd,
     author    = "Gallinaro, M.",
 @collaboration = "CDF",
     title     = "CDF forward detectors and diffractive structure functions
                  at the  Fermilab Tevatron",
     year      = "2004",
     eprint    = "hep-ph/0407255",
     SLACcitation  = "%%CITATION = HEP-PH 0407255;%%"
}

@Article{Boonekamp:2003ie,
     author    = "Boonekamp, M. and Kucs, T.",
     title     = "DPEMC: A Monte-Carlo for double diffraction",
     journal   = "Comput. Phys. Commun.",
     volume    = "167",
     year      = "2005",
     pages     = "217",
     eprint    = "hep-ph/0312273",
     SLACcitation  = "%%CITATION = HEP-PH 0312273;%%"
}


@incollection{Alekhin:2005dy:excMC,
     author    = "Boonekamp, M. and others",
     title 	= "Monte Carlo Generators for Central Exclusive Diffraction",
     booktitle     = "HERA and the LHC - A workshop on the implications of HERA
                  for LHC  physics: Proceedings Part B",
     year      = "2006",
     note    = "hep-ph/0601013",
     SLACcitation  = "%%CITATION = HEP-PH 0601013;%%"
}

@Article{maartenboonekamp,
	author = "Boonekamp, M.",
	title     = "Private communication, 2005",
}

@Article{kojiterashi,
	author = "Terashi, K.",
	title     = "Private communication, 2006",
}

@Article{Terashi:2006bc,
     author    = "Terashi, K.",
 @collaboration = "CDF",
     title     = "New diffraction results from the Tevatron",
     year      = "2006",
     eprint    = "hep-ex/0605084",
     SLACcitation  = "%%CITATION = HEP-EX 0605084;%%"
}

@Article{Gallinaro:2006vz,
     author    = "Gallinaro, M.",
 @collaboration = "CDF",
     title     = "Diffractive and exclusive measurements at CDF",
     year      = "2006",
     eprint    = "hep-ex/0606024",
     SLACcitation  = "%%CITATION = HEP-EX 0606024;%%"
}

@Article{dinogoulianos,
	author = "Goulianos, K.",
	title     = "Diffraction at the Tevatron: CDF Results",
	note = "Talk given at Diffraction 2006",
}


